<?xml version="1.0" encoding="UTF-8"?>
<record xmlns="http://www.loc.gov/MARC21/slim">
   <leader>01083cam a2200241M  4500</leader>
   <controlfield tag="001">6537786</controlfield>
   <controlfield tag="003">NjP</controlfield>
   <controlfield tag="005">20190319173052.0</controlfield>
   <controlfield tag="008">990120s1963    sy            000 0 araod</controlfield>
   <datafield tag="024" ind1="7" ind2=" ">
      <subfield code="a">princeton_aco004842</subfield>
      <subfield code="2">local</subfield>
   </datafield>
   <datafield ind1=" " ind2=" " tag="035">
      <subfield code="a">(OCoLC)ocm40969939</subfield>
   </datafield>
   <datafield ind1=" " ind2=" " tag="040">
      <subfield code="a">CGU</subfield>
      <subfield code="c">CGU</subfield>
   </datafield>
   <datafield ind1=" " ind2=" " tag="035">
      <subfield code="a">(OCoLC)40969939</subfield>
   </datafield>
   <datafield ind1=" " ind2=" " tag="049">
      <subfield code="a">PULL</subfield>
   </datafield>
   <datafield ind1="1" ind2=" " tag="100">
      <subfield code="a">Ibn ʻAbidīn, ʻAlāʼ al-Dīn,</subfield>
      <subfield code="d">d. 1888.</subfield>
   </datafield>
   <datafield ind1="1" ind2="3" tag="245">
      <subfield code="a">al-Hadīyah al-ʻAlāʼīyah /</subfield>
      <subfield code="c">taʼlīf ʻAlāʼ al-Dīn ʻĀbdīn. Wa bi-dhaylih al-Taʻlīqāt al-murḍiyah ʻalá al-Hadīyah al-ʻalāʼiyah /li-Muḥammad Saʻīd al-Burhānī.</subfield>
   </datafield>
   <datafield ind1=" " ind2=" " tag="250">
      <subfield code="a">al-Ṭabʻah 2 maʻ taṣḥīḥ basīṭ.</subfield>
   </datafield>
   <datafield ind1=" " ind2=" " tag="260">
      <subfield code="a">[Damascus</subfield>
      <subfield code="b">yuṭlab min Jāmiʻ al-Tawbah,</subfield>
      <subfield code="c">1963]</subfield>
   </datafield>
   <datafield ind1=" " ind2=" " tag="300">
      <subfield code="a">434 p.</subfield>
   </datafield>
   <datafield ind1=" " ind2=" " tag="504">
      <subfield code="a">Includes bibliography.</subfield>
   </datafield>
   <datafield ind1=" " ind2="0" tag="650">
      <subfield code="a">Islamic law.</subfield>
      <subfield code="0">http://id.loc.gov/authorities/subjects/sh85068454</subfield>
   </datafield>
   <datafield ind1=" " ind2="0" tag="650">
      <subfield code="a">Hanafites.</subfield>
      <subfield code="0">http://id.loc.gov/authorities/subjects/sh85058609</subfield>
   </datafield>
   <datafield ind1="1" ind2=" " tag="700">
      <subfield code="a">Burhānī, Muḥammad Saʻīd,</subfield>
      <subfield code="d">-1966 or 1967.</subfield>
      <subfield code="t">al-Taʻlīqāt al-Murḍiyah.</subfield>
      <subfield code="0">http://id.loc.gov/authorities/names/n89109011</subfield>
   </datafield>
   <datafield ind1=" " ind2=" " tag="994">
      <subfield code="a">C0</subfield>
      <subfield code="b">PUL</subfield>
   </datafield>
   <datafield ind1=" " ind2=" " tag="902">
      <subfield code="a">jab</subfield>
      <subfield code="b">r</subfield>
      <subfield code="6">a</subfield>
      <subfield code="7">m</subfield>
      <subfield code="d">v</subfield>
      <subfield code="f">0</subfield>
      <subfield code="e">20110426</subfield>
   </datafield>
   <datafield ind1="8" ind2=" " tag="852">
      <subfield code="0">6508493</subfield>
      <subfield code="b">rcppa</subfield>
      <subfield code="h">2271.4068.342.12</subfield>
      <subfield code="x">tr fr f</subfield>
   </datafield>
   <datafield ind1=" " ind2=" " tag="959">
      <subfield code="a">2011-04-26 14:17:24 -0400</subfield>
   </datafield>
</record>
